<record><leader>00000cas a22000007a 4500</leader><controlfield tag="001">18272497</controlfield><controlfield tag="008">880726d195u1964msuwr ne      0    0eng d</controlfield><datafield ind1=" " ind2=" " tag="010"><subfield code="a">sn 88067203 </subfield></datafield><datafield ind1=" " ind2=" " tag="040"><subfield code="a">MPC</subfield><subfield code="b">eng</subfield><subfield code="c">MPC</subfield><subfield code="d">MSJ</subfield><subfield code="d">OCLCQ</subfield></datafield><datafield ind1=" " ind2=" " tag="042"><subfield code="a">msc</subfield></datafield><datafield ind1="0" ind2="0" tag="245"><subfield code="a">Shelby progress.</subfield></datafield><datafield ind1="3" ind2="0" tag="246"><subfield code="a">Progress</subfield></datafield><datafield ind1=" " ind2=" " tag="260"><subfield code="a">Shelby, Miss. :</subfield><subfield code="b">E.L. Foland</subfield></datafield><datafield ind1=" " ind2=" " tag="310"><subfield code="a">Weekly</subfield></datafield><datafield ind1="1" ind2=" " tag="362"><subfield code="a">Ceased in 1964?</subfield></datafield><datafield ind1=" " ind2=" " tag="588"><subfield code="a">Description based on: June 28, 1963.</subfield></datafield><datafield ind1=" " ind2=" " tag="752"><subfield code="a">United States</subfield><subfield code="b">Mississippi</subfield><subfield code="c">Bolivar</subfield><subfield code="d">Shelby.</subfield></datafield></record>